@URL {node,
    title  = "Node.js",
    author = "Joyent",
    year   = "2015",
    howpublished = {\url{https://nodejs.org/}},
    note = {Accessed: 2015-04-20}
}
@URL {npm,
    title  = "npm",
    author = "Npm INC",
    year   = "2015",
    howpublished = {\url{https://www.npmjs.com/"}},
    note = {Accessed: 2015-04-20}
}
@URL {rdn-naive-bayes,
    title = "NPM | rdn-naive-bayes",
    author = "Ross Nordstrom",
    year = "2015",
    howpublished = {\url{https://www.npmjs.com/package/rdn-naive-bayes}},
    note = {Accessed/Created: 2015-04-26}
}
